<record><leader>00000cas a22000007a 4500</leader><controlfield tag="001">19232214</controlfield><controlfield tag="008">890217d19571987mduwr ne      0    0eng d</controlfield><datafield ind1=" " ind2=" " tag="010"><subfield code="a">sn 88065746 </subfield></datafield><datafield ind1=" " ind2=" " tag="040"><subfield code="a">MFN</subfield><subfield code="b">eng</subfield><subfield code="c">MFN</subfield><subfield code="d">OCL</subfield><subfield code="d">MFN</subfield><subfield code="d">OCLCQ</subfield><subfield code="d">UKMGB</subfield></datafield><datafield ind1=" " ind2=" " tag="012"><subfield code="b">3</subfield></datafield><datafield ind1="7" ind2=" " tag="016"><subfield code="a">010506138</subfield><subfield code="2">Uk</subfield></datafield><datafield ind1=" " ind2=" " tag="019"><subfield code="a">19151936</subfield></datafield><datafield ind1=" " ind2=" " tag="042"><subfield code="a">msc</subfield></datafield><datafield ind1="0" ind2="4" tag="245"><subfield code="a">The suburban record.</subfield></datafield><datafield ind1=" " ind2=" " tag="260"><subfield code="a">Silver Spring, Md. :</subfield><subfield code="b">Record Pub. Co.</subfield></datafield><datafield ind1=" " ind2=" " tag="300"><subfield code="a">v.</subfield></datafield><datafield ind1=" " ind2=" " tag="310"><subfield code="a">Weekly</subfield></datafield><datafield ind1="0" ind2=" " tag="362"><subfield code="a">Vol. 2, no. 18 (Sept. 26, 1957)-v. 20, no. 45 (May 2, 1963) ; 20th year, no. 46 (May 9, 1963)-44th year, no. 17 (June 19, 1987).</subfield></datafield><datafield ind1=" " ind2=" " tag="500"><subfield code="a">Issues for Sept. 26, 1957-Apr. 24, 1958 have "Wheaton-Kensington" below title.</subfield></datafield><datafield ind1=" " ind2=" " tag="752"><subfield code="a">United States</subfield><subfield code="b">Maryland</subfield><subfield code="c">Montgomery</subfield><subfield code="d">Silver Spring.</subfield></datafield><datafield ind1=" " ind2=" " tag="752"><subfield code="a">United States</subfield><subfield code="b">Maryland</subfield><subfield code="c">Montgomery</subfield><subfield code="d">Wheaton.</subfield></datafield><datafield ind1=" " ind2=" " tag="752"><subfield code="a">United States</subfield><subfield code="b">Maryland</subfield><subfield code="c">Montgomery</subfield><subfield code="d">Kensington.</subfield></datafield><datafield ind1="0" ind2="0" tag="780"><subfield code="t">Wheaton record</subfield><subfield code="w">(DLC)sn 88065744</subfield></datafield><datafield ind1="0" ind2="0" tag="785"><subfield code="t">Record (Silver Spring, Md.)</subfield><subfield code="w">(DLC)sn 88065747</subfield></datafield></record>